@book {typescript,
    publisher = {{Microsoft}},
    editor = {{Microsoft}},
    title = {{The TypeScript Handbook}},
    year = {2022},
    month = {Aug.},
    url = {{https://www.typescriptlang.org/assets/typescript-handbook.pdf}}
}

@book{
opendronemap,
title = {OpenDroneMap: the missing guide},
author = {Toffanin, Piero},
publisher = {MasseranoLabs LLC},
year = {2019}
}
